@article{detect,
	title={Learning to Discover Social Circles in Ego Networks},
	author={McAuley, Julian and Leskovec, Jure}
}

@misc{SNAP,
	title={Stanford Network Analysis Project},
	url={http://snap.stanford.edu/}
}
